<?xml version="1.0" encoding="UTF-8"?><collection xmlns="http://www.loc.gov/MARC21/slim"><record><leader>00449nam--2200169-i-4500</leader><controlfield tag="001">000007448</controlfield><controlfield tag="002">20161230</controlfield><controlfield tag="005">20170127214434</controlfield><controlfield tag="008">060222s1000------------r-----000-0-eng-d</controlfield><datafield ind1=" " ind2=" " tag="100"><subfield code="a">Cairns, T</subfield></datafield><datafield ind1=" " ind2=" " tag="245"><subfield code="a">Spectroscopic techniques in organic chemistry</subfield></datafield><datafield ind1=" " ind2=" " tag="260"><subfield code="a">London</subfield><subfield code="b">Heyden And Son Ltd</subfield><subfield code="c">1965</subfield></datafield><datafield ind1=" " ind2=" " tag="300"><subfield code="a">IV + 87 P</subfield></datafield><datafield ind1=" " ind2=" " tag="490"><subfield code="a">Spectroscopy In Education Series</subfield></datafield><datafield ind1=" " ind2=" " tag="700"><subfield code="a">Baker, A. J</subfield></datafield><datafield ind1=" " ind2=" " tag="852"><subfield code="a">21161</subfield></datafield><datafield ind1=" " ind2=" " tag="CAT"><subfield code="a">SYS</subfield><subfield code="c">20170127</subfield><subfield code="h">214434</subfield></datafield></record></collection>